@article{eguia2021human,
  title={A human coronavirus evolves antigenically to escape antibody immunity},
  author={Eguia, Rachel T and Crawford, Katharine HD and Stevens-Ayers, Terry and Kelnhofer-Millevolte, Laurel and Greninger, Alexander L and Englund, Janet A and Boeckh, Michael J and Bloom, Jesse D},
  journal={PLoS Pathogens},
  volume={17},
  number={4},
  pages={e1009453},
  year={2021},
  publisher={Public Library of Science San Francisco, CA USA}
}

@article{kistler2021evidence,
  title={Evidence for adaptive evolution in the receptor-binding domain of seasonal coronaviruses {OC43} and {229E}},
  author={Kistler, Kathryn E and Bedford, Trevor},
  journal={Elife},
  volume={10},
  pages={e64509},
  year={2021},
  publisher={eLife Sciences Publications Limited}
}

@article{starr2021prospective,
  title={Prospective mapping of viral mutations that escape antibodies used to treat {COVID-19}},
  author={Starr, Tyler N and Greaney, Allison J and Addetia, Amin and Hannon, William W and Choudhary, Manish C and Dingens, Adam S and Li, Jonathan Z and Bloom, Jesse D},
  journal={Science},
  volume={371},
  number={6531},
  pages={850--854},
  year={2021},
  publisher={American Association for the Advancement of Science}
}

@article{starr2021complete,
  title={{Complete map of SARS-CoV-2 RBD mutations that escape the monoclonal antibody LY-CoV555 and its cocktail with LY-CoV016}},
  author={Starr, Tyler N and Greaney, Allison J and Dingens, Adam S and Bloom, Jesse D},
  journal={Cell Reports Medicine},
  volume={2},
  number={4},
  pages={100255},
  year={2021},
  publisher={Elsevier}
}

@article{greaney2021mapping,
  title={Mapping mutations to the {SARS-CoV-2 RBD} that escape binding by different classes of antibodies},
  author={Greaney, Allison J and Starr, Tyler N and Barnes, Christopher O and Weisblum, Yiska and Schmidt, Fabian and Caskey, Marina and Gaebler, Christian and Cho, Alice and Agudelo, Marianna and Finkin, Shlomo and others},
  journal={Nature communications},
  volume={12},
  number={1},
  pages={1--14},
  year={2021},
  publisher={Nature Publishing Group}
}

@article{barnes2020sars,
  title={{SARS-CoV-2} neutralizing antibody structures inform therapeutic strategies},
  author={Barnes, Christopher O and Jette, Claudia A and Abernathy, Morgan E and Dam, Kim-Marie A and Esswein, Shannon R and Gristick, Harry B and Malyutin, Andrey G and Sharaf, Naima G and Huey-Tubman, Kathryn E and Lee, Yu E and others},
  journal={Nature},
  volume={588},
  number={7839},
  pages={682--687},
  year={2020},
  publisher={Nature Publishing Group}
}

@article{greaney2021complete,
  title={Complete mapping of mutations to the SARS-CoV-2 spike receptor-binding domain that escape antibody recognition},
  author={Greaney, Allison J and Starr, Tyler N and Gilchuk, Pavlo and Zost, Seth J and Binshtein, Elad and Loes, Andrea N and Hilton, Sarah K and Huddleston, John and Eguia, Rachel and Crawford, Katharine HD and others},
  journal={Cell host \& microbe},
  volume={29},
  number={1},
  pages={44--57},
  year={2021},
  publisher={Elsevier}
}

@article{greaney2021comprehensive,
  title={Comprehensive mapping of mutations in the SARS-CoV-2 receptor-binding domain that affect recognition by polyclonal human plasma antibodies},
  author={Greaney, Allison J and Loes, Andrea N and Crawford, Katharine HD and Starr, Tyler N and Malone, Keara D and Chu, Helen Y and Bloom, Jesse D},
  journal={Cell host \& microbe},
  volume={29},
  number={3},
  pages={463--476},
  year={2021},
  publisher={Elsevier}
}
